
@article{understandConvNet,
    author = {Saad Albawi},
    journal = {The International Conference on Engineering and Technology},
    title = {{Understanding of a Convolutional Neural Network}},
    year = {2017},
    note = {on-line at: \url{https://www.researchgate.net/publication/319253577_Understanding_of_a_Convolutional_Neural_Network}}
}

@article{leNet,
    author = {Yann LeCun, Patric Haffner, Leon Bottou},
    title = {{Object recognition with Gradient-Based learning}},
    year = {1998}
}

@misc{CTSD,
author = {a},
title = {{Chinese Traffic Sign Database}},
note = {on-line at: \url{http://www.nlpr.ia.ac.cn/pal/trafficdata/recognition.html}}
}

@misc{Adam,
author = {a},
title = {{Adam optimizer}},
note = {on-line at: \url{https://towardsdatascience.com/adam-latest-trends-in-deep-learning-optimization-6be9a291375c}}
}
